@article{example,
  author  = {A very nice author},
  title   = {A very nice reference book},
  journal = {A very nice journal},
  year    = {2022},
  volume  = {333},
  number  = {10},
  pages   = {891-921}
}